@article{pournaras2016self,
  title={Self-regulatory information sharing in participatory social sensing},
  author={Pournaras, Evangelos and Nikolic, Jovan and Vel{\'a}squez, Pablo and Trovati, Marcello and Bessis, Nik and Helbing, Dirk},
  journal={EPJ Data Science},
  volume={5},
  number={1},
  pages={1},
  year={2016},
  publisher={Springer Berlin Heidelberg}
}


@article{lee2010dynamic,
  title={Dynamic pricing incentive for participatory sensing},
  author={Lee, Juong-Sik and Hoh, Baik},
  journal={Pervasive and Mobile Computing},
  volume={6},
  number={6},
  pages={693--708},
  year={2010},
  publisher={Elsevier}
}


@article{christin2016privacy,
  title={Privacy in mobile participatory sensing: current trends and future challenges},
  author={Christin, Delphine},
  journal={Journal of Systems and Software},
  volume={116},
  pages={57--68},
  year={2016},
  publisher={Elsevier}
}

@article{christin2011survey,
  title={A survey on privacy in mobile participatory sensing applications},
  author={Christin, Delphine and Reinhardt, Andreas and Kanhere, Salil S and Hollick, Matthias},
  journal={Journal of Systems and Software},
  volume={84},
  number={11},
  pages={1928--1946},
  year={2011},
  publisher={Elsevier}
}

@inproceedings{christin2013s,
  title={What's the value of your privacy? Exploring factors that influence privacy-sensitive contributions to participatory sensing applications},
  author={Christin, Delphine and B{\"u}chner, Christian and Leibecke, Niklas},
  booktitle={Local Computer Networks Workshops (LCN Workshops), 2013 IEEE 38th Conference on},
  pages={918--923},
  year={2013},
  organization={IEEE}
}

@article{acquisti2005privacy,
  title={Privacy and rationality in individual decision making},
  author={Acquisti, Alessandro and Grossklags, Jens},
  journal={IEEE Security \& Privacy},
  volume={2},
  number={2005},
  pages={24--30},
  year={2005}
}

@article{zang2015knows,
  title={Who knows what about me? A survey of behind the scenes personal data sharing to third parties by mobile apps},
  author={Zang, Jinyan and Dummit, Krysta and Graves, James and Lisker, Paul and Sweeney, Latanya},
  journal={Proceeding of Technology Science},
  year={2015}
}

@inproceedings{hayashi2012goldilocks,
  title={Goldilocks and the two mobile devices: going beyond all-or-nothing access to a device's applications},
  author={Hayashi, Eiji and Riva, Oriana and Strauss, Karin and Brush, AJ and Schechter, Stuart},
  booktitle={Proceedings of the Eighth Symposium on Usable Privacy and Security},
  pages={2},
  year={2012},
  organization={ACM}
}

@inproceedings{choi2011sensorsafe,
  title={Sensorsafe: a framework for privacy-preserving management of personal sensory information},
  author={Choi, Haksoo and Chakraborty, Supriyo and Charbiwala, Zainul M and Srivastava, Mani B},
  booktitle={Workshop on Secure Data Management},
  pages={85--100},
  year={2011},
  organization={Springer}
}